@BOOK{nakamoto,
AUTHOR = {S. Nakamoto},
TITLE = {Bitcoin: A peer-to-peer electronic cash system},
YEAR = {2008},
} 
